@ARTICLE{chen_hrrpgraphnet_2024,
  AUTHOR = {Chen, Lingfeng and Sun, Xiao and Pan, Zhiliang and Liu, Qi and Wang, Zehao and Su, Xiaolong and Liu, Zhen and Hu, Panhe},
  TITLE = {{HRRPGraphNet}: {Make} {HRRPs} to be graphs for efficient target recognition},
  JOURNAL = {Electronics Letters},
  YEAR = {2024},
  VOLUME = {60},
  PAGES = {e70088},
  NUMBER = {22},
  LANGUAGE = {}
}


@phdthesis{Liu_ms_2021,
	type = {硕士},
	title = {基于元学习的小样本雷达目标识别技术},
	language = {zh},
	school = {国防科技大学},
	author = {刘旗},
	year = {2021},
    address = {长沙}
}

@ARTICLE{li_intell_2005,
  AUTHOR = {庄钊文 and 黎湘 and 刘永祥},
  TITLE = {智能化武器系统发展的关键技术——雷达自动目标识别技术},
  JOURNAL = {科技导报},
  YEAR = {2005},
  VOLUME = {8},
  PAGES = {20--23},
  NUMBER = {},
  LANGUAGE = {zh}
}

@ARTICLE{ju_anti_2016,
  AUTHOR = {句彦伟 and 张仕元},
  TITLE = {反导系统及目标识别技术发展总数},
  JOURNAL = {现代雷达},
  YEAR = {2016},
  VOLUME = {38},
  PAGES = {8--14},
  NUMBER = {004},
  LANGUAGE = {zh}
}

@ARTICLE{zhang_micro_2018,
  AUTHOR = {张群 and 胡健 and 罗迎 and 陈怡君},
  TITLE = {微动目标雷达特征提取、成像与识别研究进展},
  JOURNAL = {雷达学报},
  YEAR = {2018},
  VOLUME = {7},
  PAGES = {531--547},
  NUMBER = {05},
  LANGUAGE = {zh}
}

@ARTICLE{chen_american_2024,
  AUTHOR = {陈黎 and 田浩 and 袁成},
  TITLE = {美制ADM-160“微型空射诱饵”在俄乌冲突中的实战使用情况研究},
  JOURNAL = {航空兵器},
  YEAR = {2024},
  VOLUME = {31},
  PAGES = {44--52},
  NUMBER = {},
  LANGUAGE = {zh}
}

@ARTICLE{ouyang_russia_2022,
  AUTHOR = {欧阳琰},
  TITLE = {俄乌冲突对机动式预警雷达反制天基智能侦察的启示},
  JOURNAL = {人工智能与机器人研究},
  YEAR = {2022},
  VOLUME = {4},
  PAGES = {411--417},
  NUMBER = {},
  LANGUAGE = {zh}
}

@ARTICLE{wu_american_2016,
  AUTHOR = {吴正容 and 白广周},
  TITLE = {美国弹道导弹预警探测识别技术发展分析},
  JOURNAL = {飞行器测控学报},
  YEAR = {2016},
  VOLUME = {35},
  PAGES = {415--421},
  NUMBER = {6},
  LANGUAGE = {zh}
}

@ARTICLE{luo_is_2016,
  AUTHOR = {罗非心 and 周林 and 吴法文 and 王迎春},
  TITLE = {以色列铁穹系统抗饱和攻击能力研究},
  JOURNAL = {飞航导弹},
  YEAR = {2016},
  VOLUME = {2},
  PAGES = {21--23},
  NUMBER = {33},
  LANGUAGE = {zh}
}

@ARTICLE{he_anti_2024,
  AUTHOR = {何永鹏 and 杨艺 and 程志君},
  TITLE = {反辐射导弹发展的挑战、现状及展望},
  JOURNAL = {空天防御},
  YEAR = {2024},
  VOLUME = {7},
  PAGES = {38--46},
  NUMBER = {4},
  LANGUAGE = {zh}
}

@ARTICLE{sui_radar_2022,
  AUTHOR = {隋金坪 and 刘振 and 刘丽},
  TITLE = {雷达辐射源信号分选研究进展},
  JOURNAL = {雷达学报},
  YEAR = {2022},
  VOLUME = {11},
  PAGES = {418--433},
  NUMBER = {3},
  LANGUAGE = {zh}
}

@ARTICLE{feng_euro_2015,
  AUTHOR = {冯云皓 and 吕召鹏},
  TITLE = {欧洲航天局规划未来空间发展战略},
  JOURNAL = {防务观点},
  YEAR = {2015},
  VOLUME = {2},
  PAGES = {56--57},
  NUMBER = {},
  LANGUAGE = {zh}
}

@ARTICLE{wang_hyper_2022,
  AUTHOR = {汪丰麟 and 李沁远 and 范博 and 张杰 and 朱启超},
  TITLE = {高超声速武器防御体系的发展现状与演进趋势},
  JOURNAL = {指挥与控制学报},
  YEAR = {2022},
  VOLUME = {8},
  PAGES = {378--388},
  NUMBER = {4},
  LANGUAGE = {zh}
}

@ARTICLE{huang_kongtian_2023,
  AUTHOR = {黄旭龙 and 宗彬锋 and 徐嘉华 and 张小宽},
  TITLE = {空天目标识别关键问题分析与展望},
  JOURNAL = {中国设备工程},
  YEAR = {2023},
  VOLUME = {5},
  PAGES = {77--81},
  NUMBER = {},
  LANGUAGE = {zh}
}

@ARTICLE{gu_xinglian_2024,
  AUTHOR = {顾村锋 and 杨阳 and 杨博文 and 强佳久 and 贾宇航},
  TITLE = {“星链”威胁启示下的新型空天防御技术研究},
  JOURNAL = {空天防御},
  YEAR = {2024},
  VOLUME = {7},
  PAGES = {8--15},
  NUMBER = {2},
  LANGUAGE = {zh}
}

@ARTICLE{tang_yi_2023,
  AUTHOR = {唐明南 and 张承龙 and 魏然 and 王泊涵},
  TITLE = {以智赋能构建现代化空天防御体系},
  JOURNAL = {现代防御技术},
  YEAR = {2023},
  VOLUME = {51},
  PAGES = {1--7},
  NUMBER = {5},
  LANGUAGE = {zh}
}

@ARTICLE{gong_21_2017,
  AUTHOR = {宫旭平 and 吴笛 and 邹轶男},
  TITLE = {21世纪空天安全与国防建设研究},
  JOURNAL = {国防},
  YEAR = {2017},
  VOLUME = {8},
  PAGES = {4--8},
  NUMBER = {},
  LANGUAGE = {zh}
}

@ARTICLE{pan_zhuo_2006,
  AUTHOR = {潘友木},
  TITLE = {着眼空天一体化探索国家空天安全战略},
  JOURNAL = {中国军事科学},
  YEAR = {2006},
  VOLUME = {19},
  PAGES = {60--66},
  NUMBER = {2},
  LANGUAGE = {zh}
}

@book{tian_zh_2016,
    title={中国空天安全战略构想},
    author={田安平 and 张建业},
    publisher={北京：解放军出版社},
    year={2016},
    LANGUAGE = {zh}
}

@ARTICLE{wang_russia_2022,
  AUTHOR = {王芳 and 夏牟 and 陈亮 and 刘国生 and 任金华 and 骆建华},
  TITLE = {俄罗斯反导系统的发展现状},
  JOURNAL = {航天电子对抗},
  YEAR = {2022},
  VOLUME = {38},
  PAGES = {53--58},
  NUMBER = {2},
  LANGUAGE = {zh}
}

@ARTICLE{yang_russia_2016,
  AUTHOR = {杨凡 and 曹泽阳 and 孙亚军 and 韩慧孝 and 项兰萍},
  TITLE = {俄罗斯首都地区反导作战体系建设研究},
  JOURNAL = {飞航导弹},
  YEAR = {2016},
  VOLUME = {4},
  PAGES = {13--17},
  NUMBER = {},
  LANGUAGE = {zh}
}

@INPROCEEDINGS{vaswani_attention_2017,
  AUTHOR = {Vaswani, Ashish and Shazeer, Noam and Parmar, Niki and Uszkoreit, Jakob and Jones, Llion and Gomez, Aidan N and Kaiser, Ł ukasz and Polosukhin, Illia},
  TITLE = {Attention is {All} you {Need}},
  BOOKTITLE = {Advances in {Neural} {Information} {Processing} {Systems} (NeurIPS)},
  YEAR = {2017},
  VOLUME = {30},
  PUBLISHER = {Curran Associates, Inc.}
}

@inproceedings{chen_radiallength_2024,
    title={A {D}eep {L}earning-{B}ased {T}arget {R}adial {L}ength {E}stimation {M}ethod through {H}RRP {S}equence},
    author={Chen, Lingfeng and Hu, Panhe and Pan, Zhiliang and Sun, Xiao and Wang, Zehao},
    booktitle={2024 IEEE 12th Asia-Pacific Conference on Antennas and Propagation (APCAP)},
    year={2024},
}

@ARTICLE{guo_radar_2025,
  author={Guo, Jinxing and Guan, Dongfang and Liu, Zhen and Yu, Shijian and Xu, Hantao and Hu, Panhe and You, Peng},
  journal={IEEE Transactions on Antennas and Propagation},
  title={Radar Target HRRP Imitation Based on Non-Periodic Time-Coding Digital Metasurface},
  year={2025},
  volume={},
  number={},
  pages={1--1},
}

@article{pan_isar_2024,
    author={潘之梁 and 户盼鹤 and 陈凌峰 and 苏晓龙 and 刘振},
    title={基于深度增强IST网络的ISAR稀疏成像},
    journal={海军航空大学学报},
    year={2024},
    volume={39},
    number={5},
    pages={603--614},
    LANGUAGE = {zh}
}

@ARTICLE{jian_survey_2022,
  AUTHOR = {陈健 and 杜兰 and 廖磊瑶},
  TITLE = {基于参数化统计模型的雷达HRRP目标识别方法综述},
  JOURNAL = {雷达学报},
  YEAR = {2022},
  VOLUME = {11},
  PAGES = {1020--1047},
  NUMBER = {R22127},
  LANGUAGE = {zh}
}

@ARTICLE{zhang_isar_2021,
  AUTHOR = {邓理康 and 张双辉 and 张弛 and 刘永祥},
  TITLE = {一种基于多维交替方向乘子法的多输入多输出逆合成孔径雷达成像方法},
  JOURNAL = {雷达学报},
  YEAR = {2021},
  VOLUME = {10},
  PAGES = {416--431},
  NUMBER = {3},
  LANGUAGE = {zh}
}

@ARTICLE{zhang_patch-wise_2023,
  AUTHOR = {Zhang, Xianwen and Wei, Yao and Wang, Wenying},
  TITLE = {Patch-{Wise} {Autoencoder} {Based} on {Transformer} for {Radar} {High}-{Resolution} {Range} {Profile} {Target} {Recognition}},
  JOURNAL = {IEEE Sensors Journal},
  YEAR = {2023},
  VOLUME = {23},
  PAGES = {29406--29414},
  NUMBER = {23}
}

@ARTICLE{li_mtbc_2025,
  AUTHOR = {Li, Shuai and Li, Wentao and Huang, Pengjun and Zheng, Muhai and Tian, Biao and Xu, Shiyou},
  TITLE = {{MTBC}: {Masked} {Vision} {Transformer} and {Brown} {Distance} {Covariance} {Classifier} for {Cross}-domain {Few}-shot {HRRP} {Recognition}},
  JOURNAL = {IEEE Sensors Journal},
  YEAR = {2025},
  PAGES = {1--1}
}

@ARTICLE{yang_radar-infrared_2024,
  AUTHOR = {Yang, Lihe and Feng, Wei and Wu, Yaojun and Huang, Liang and Quan, Yinghui},
  TITLE = {Radar-{Infrared} {Sensor} {Fusion} {Based} on {Hierarchical} {Features} {Mining}},
  JOURNAL = {IEEE Signal Processing Letters},
  YEAR = {2024},
  VOLUME = {31},
  PAGES = {66--70}
}

@ARTICLE{winters_target_2012,
  AUTHOR = {Winters, David W.},
  TITLE = {Target {Motion} and {High} {Range} {Resolution} {Profile} {Generation}},
  JOURNAL = {IEEE Transactions on Aerospace and Electronic Systems},
  YEAR = {2012},
  VOLUME = {48},
  PAGES = {2140--2153},
  NUMBER = {3}
}

@ARTICLE{wu_cae_2023,
  AUTHOR = {吴玲 and 何昊天 and 胡献君},
  TITLE = {一种基于CAE的HRRP去噪重构与识别方法},
  JOURNAL = {兵器装备工程学报},
  YEAR = {2023},
  VOLUME = {44},
  PAGES = {188--195},
  NUMBER = {1},
  LANGUAGE = {zh}
}

@ARTICLE{guo_method_2020,
    TITLE = {Method for {Denoising} and {Reconstructing} {Radar} {HRRP} {Using} {Modified} {Sparse} {Auto}-{Encoder}},
    JOURNAL = {Chinese Journal of Aeronautics},
    VOLUME = {33},
    NUMBER = {3},
    PAGES = {1026-1036},
    YEAR = {2020},
    AUTHOR = {Guo, Chen and Wang, Haipeng and Jian, Tao and Xu, Congan and Sun, Shun}
}

@ARTICLE{zhang_bayesian_2020,
  AUTHOR = {Zhang, Shuanghui and Liu, Yongxiang and Li, Xiang and Bi, Guoan},
  TITLE = {Bayesian {High} {Resolution} {Range} {Profile} {Reconstruction} of {High}-{Speed} {Moving} {Target} {From} {Under}-{Sampled} {Data}},
  JOURNAL = {IEEE Transactions on Image Processing},
  YEAR = {2020},
  VOLUME = {29},
  PAGES = {5110--5120}
}

@ARTICLE{du_noise_2016,
  AUTHOR = {Du, Lan and He, Hua and Zhao, Le and Wang, Penghui},
  TITLE = {Noise {Robust} {Radar} {HRRP} {Target} {Recognition} {Based} on {Scatterer} {Matching} {Algorithm}},
  JOURNAL = {IEEE Sensors Journal},
  YEAR = {2016},
  VOLUME = {16},
  PAGES = {1743--1753},
  NUMBER = {6}
}

@INPROCEEDINGS{liu_experimental_2020,
  AUTHOR = {Liu, Z. and Zhang, X. and Huo, K. and Liu, Y. and Li, X.},
  TITLE = {Experimental study on {HRRP}-based airborne target recognition using neural networks},
  BOOKTITLE = {{IET} {International} {Radar} {Conference} (IET IRC)},
  YEAR = {2020},
  VOLUME = {2020},
  PAGES = {283--286}
}

@INPROCEEDINGS{wu_high-resolution_2019,
  AUTHOR = {Wu, Hongming and Li, Guanqing and Zhou, Jiangxiong},
  TITLE = {High-resolution {Range} {Profiles} {Recognition} {Based} on {SAR}/{ISAR} {Images}},
  BOOKTITLE = {2019 {IEEE} 3rd {Advanced} {Information} {Management}, {Communicates}, {Electronic} and {Automation} {Control} {Conference} (IMCEC)},
  YEAR = {2019},
  PAGES = {1514--1518}
}

@INPROCEEDINGS{tu_novel_2019,
  AUTHOR = {Tu, Jun and Huang, Teng and Liu, Xusong and Gao, Fei and Yang, Erfu},
  TITLE = {A {Novel} {HRRP} {Target} {Recognition} {Method} {Based} on {LSTM} and {HMM} {Decision}-making},
  BOOKTITLE = {2019 25th {International} {Conference} on {Automation} and {Computing} (ICAC)},
  YEAR = {2019},
  PAGES = {1--6}
}

@INPROCEEDINGS{zhai_robust_2017,
  AUTHOR = {Zhai, Ying and Chen, Bo and Zhang, Hao and Wang, Zhengjue},
  TITLE = {Robust {Variational} {Auto}-{Encoder} for {Radar} {HRRP} {Target} {Recognition}},
  BOOKTITLE = {Intelligence {Science} and {Big} {Data} {Engineering} (IScIDE)},
  YEAR = {2017},
  PAGES = {356--367},
  PUBLISHER = {Springer International Publishing},
  ADDRESS = {Cham},
  ISBN = {978-3-319-67777-4},
  LANGUAGE = {}
}

@ARTICLE{song_radar_2019,
  AUTHOR = {Song, Jia and Wang, Yanhua and Chen, Wei and Li, Yang and Wang, Junfu},
  TITLE = {Radar {HRRP} recognition based on {CNN}},
  JOURNAL = {The Journal of Engineering},
  YEAR = {2019},
  VOLUME = {2019},
  PAGES = {7766--7769},
  NUMBER = {21},
  LANGUAGE = {}
}

@ARTICLE{liu_radar_2025,
  AUTHOR = {Liu, X. and Zhou, D. and Huang, Q.},
  TITLE = {Radar {HRRP} {Target} {Recognition} {Based} on {Hybrid} {Quantum} {Neural} {Networks}},
  JOURNAL = {IEEE Transactions on Aerospace and Electronic Systems},
  YEAR = {2025},
  PAGES = {1--16}
}

@INPROCEEDINGS{jithesh_lstm_2017,
  AUTHOR = {Jithesh, V and Sagayaraj, M Justin and Srinivasa, K G},
  TITLE = {{LSTM} recurrent neural networks for high resolution range profile based radar target classification},
  BOOKTITLE = {2017 3rd {International} {Conference} on {Computational} {Intelligence} \& {Communication} {Technology} (CICT)},
  YEAR = {2017},
  PAGES = {1--6}
}

@ARTICLE{pan_radar_2022,
  AUTHOR = {Pan, Mian and Liu, Ailin and Yu, Yanzhen and Wang, Penghui and Li, Jianjun and Liu, Yan and Lv, Shuaishuai and Zhu, He},
  TITLE = {Radar {HRRP} {Target} {Recognition} {Model} {Based} on a {Stacked} {CNN}–{Bi}-{RNN} {With} {Attention} {Mechanism}},
  JOURNAL = {IEEE Transactions on Geoscience and Remote Sensing},
  YEAR = {2022},
  VOLUME = {60},
  PAGES = {1--14}
}

@INPROCEEDINGS{xu_effective_2024,
  AUTHOR = {Xu, Ying and Shi, Liangchao and Lin, Chuyang and Huang, Yue and Ding, Xinghao},
  TITLE = {Effective {HRRP} data augmentation by contrastive adversarial training},
  BOOKTITLE = {IET Conference Proceedings},
  YEAR = {2024},
  VOLUME = {2023},
  PAGES = {1380--1385},
  PUBLISHER = {The Institution of Engineering and Technology}
}

@INPROCEEDINGS{thanapol_reducing_2020,
  AUTHOR = {Thanapol, Panissara and Lavangnananda, Kittichai and Bouvry, Pascal and Pinel, Frédéric and Leprévost, Franck},
  TITLE = {Reducing {Overfitting} and {Improving} {Generalization} in {Training} {Convolutional} {Neural} {Network} ({CNN}) under {Limited} {Sample} {Sizes} in {Image} {Recognition}},
  BOOKTITLE = {2020 - 5th {International} {Conference} on {Information} {Technology} (InCIT)},
  YEAR = {2020},
  PAGES = {300--305}
}

@ARTICLE{wen_hrrp_2020,
  AUTHOR = {Wen, Yi and Shi, Liangchao and Yu, Xian and Huang, Yue and Ding, Xinghao},
  TITLE = {{HRRP} {Target} {Recognition} {With} {Deep} {Transfer} {Learning}},
  JOURNAL = {IEEE Access},
  YEAR = {2020},
  VOLUME = {8},
  PAGES = {57859--57867}
}

@INPROCEEDINGS{liu_contrastive_2023,
  AUTHOR = {Liu, Mei and Zhang, Zhiwei and Gao, Xunzhang},
  TITLE = {Contrastive learning-based prototype calibration method for few-shot {HRRP} recognition},
  BOOKTITLE = {{IET} {International} {Radar} {Conference} (IRC)},
  YEAR = {2023},
  VOLUME = {2023},
  PAGES = {920--923}
}

@INPROCEEDINGS{li_few-shot_2023,
  AUTHOR = {Li, Jixi and Li, Dongying and Jiang, Yong and Yu, Wenxian},
  TITLE = {Few-{Shot} {Radar} {HRRP} {Recognition} {Based} on {Improved} {Prototypical} {Network}},
  BOOKTITLE = {{IGARSS} 2023 - 2023 {IEEE} {International} {Geoscience} and {Remote} {Sensing} {Symposium} (IGARSS)},
  YEAR = {2023},
  PAGES = {5277--5280}
}

@ARTICLE{liu_prior-knowledge-guided_2024,
  AUTHOR = {Liu, Qi and Zhang, Xinyu and Liu, Yongxiang},
  TITLE = {A {Prior}-{Knowledge}-{Guided} {Neural} {Network} {Based} on {Supervised} {Contrastive} {Learning} for {Radar} {HRRP} {Recognition}},
  JOURNAL = {IEEE Transactions on Aerospace and Electronic Systems},
  YEAR = {2024},
  VOLUME = {60},
  PAGES = {2854--2873},
  NUMBER = {3}
}

@INPROCEEDINGS{gao_polarimetric_2024,
  AUTHOR = {Gao, Fan and Ren, Dawei and Yin, Junjun and Yang, Jian},
  TITLE = {Polarimetric {HRRP} {Recognition} {Using} {Vision} {Transformer} with {Polarimetric} {Preprocessing} and {Attention} {Loss}},
  BOOKTITLE = {{IGARSS} 2024 - 2024 {IEEE} {International} {Geoscience} and {Remote} {Sensing} {Symposium} (IGARSS)},
  YEAR = {2024},
  PAGES = {10838--10842}
}

@ARTICLE{zeng_radar_2022,
  AUTHOR = {Zeng, Zhiqiang and Sun, Jinping and Han, Zhu and Hong, Wen},
  TITLE = {Radar {HRRP} {Target} {Recognition} {Method} {Based} on {Multi}-{Input} {Convolutional} {Gated} {Recurrent} {Unit} {With} {Cascaded} {Feature} {Fusion}},
  JOURNAL = {IEEE Geoscience and Remote Sensing Letters},
  YEAR = {2022},
  VOLUME = {19},
  PAGES = {1--5}
}

@INPROCEEDINGS{liu_radar_2011,
  AUTHOR = {Liu, Hongwei and Du, Lan and Wang, Penghui and Pan, Mian and Bao, Zheng},
  TITLE = {Radar {HRRP} automatic target recognition: {Algorithms} and applications},
  BOOKTITLE = {Proceedings of 2011 {IEEE} {CIE} {International} {Conference} on {Radar} (CIE Radar)},
  YEAR = {2011},
  VOLUME = {1},
  PAGES = {14--17}
}

@ARTICLE{xia_radar_2023,
  AUTHOR = {Xia, Ziheng and Wang, Penghui and Dong, Ganggang and Liu, Hongwei},
  TITLE = {Radar {HRRP} {Open} {Set} {Recognition} {Based} on {Extreme} {Value} {Distribution}},
  JOURNAL = {IEEE Transactions on Geoscience and Remote Sensing},
  YEAR = {2023},
  VOLUME = {61},
  PAGES = {1--16}
}

@INPROCEEDINGS{finn_model-agnostic_2017,
  AUTHOR = {Finn, Chelsea and Abbeel, Pieter and Levine, Sergey},
  TITLE = {Model-agnostic meta-learning for fast adaptation of deep networks},
  BOOKTITLE = {Proceedings of the 34th {International} {Conference} on {Machine} {Learning} - {Volume} 70 (ICML)},
  YEAR = {2017},
  SERIES = {{ICML}'17},
  PAGES = {1126--1135},
  PUBLISHER = {JMLR.org},
  ADDRESS = {Sydney, NSW, Australia}
}

@ARTICLE{yao_model-agnostic_2021,
  AUTHOR = {Yao, Xiao and Zhu, Jianlong and Huo, Guanying and Xu, Ning and Liu, Xiaofeng and Zhang, Ce},
  TITLE = {Model-agnostic multi-stage loss optimization meta learning},
  JOURNAL = {International Journal of Machine Learning and Cybernetics},
  YEAR = {2021},
  VOLUME = {12},
  PAGES = {2349--2363},
  NUMBER = {8},
  LANGUAGE = {}
}

@INPROCEEDINGS{yang_few-shot_2022,
  AUTHOR = {Yang, Xiaoxiao and Xu, Jungang},
  TITLE = {Few-shot {Classification} with {First}-order {Task} {Agnostic} {Meta}-learning},
  BOOKTITLE = {2022 3rd {International} {Conference} on {Computer} {Vision}, {Image} and {Deep} {Learning} \& {International} {Conference} on {Computer} {Engineering} and {Applications} (CVIDL \& ICCEA)},
  YEAR = {2022},
  PAGES = {217--220}
}

@INPROCEEDINGS{antoniou_how_2018,
  AUTHOR = {Antoniou, Antreas and Edwards, Harrison and Storkey, Amos},
  TITLE = {How to train your {MAML}},
  BOOKTITLE = {7th International Conference on Learning Representations (ICLR)},
  YEAR = {2019},
  LANGUAGE = {}
}

@ARTICLE{li_prior_2024,
  AUTHOR = {Li, Jixi and Guo, Weiwei and Wei, Feiming and Zhang, Tao and Yu, Wenxian},
  TITLE = {Prior {Information}-{Assisted} {Few}-{Shot} {HRRP} {Recognition} {Based} on {Task}-{Wise} {Shrinkage} {Quadratic} {Discriminant} {Analysis}},
  JOURNAL = {IEEE Transactions on Aerospace and Electronic Systems},
  YEAR = {2024},
  VOLUME = {60},
  PAGES = {9354--9368},
  NUMBER = {6}
}

@ARTICLE{kong_few-shot_2023,
  AUTHOR = {Kong, Yingying and Zhang, Yuxuan and Peng, Xiangyang and Leung, Henry},
  TITLE = {Few-{Shot} {High}-{Resolution} {Range} {Profile} {Ship} {Target} {Recognition} {Based} on {Task}-{Specific} {Meta}-{Learning} with {Mixed} {Training} and {Meta} {Embedding}},
  JOURNAL = {Remote Sensing},
  YEAR = {2023},
  VOLUME = {15},
  PAGES = {5301},
  NUMBER = {22},
  LANGUAGE = {}
}

@INPROCEEDINGS{liu_few-shot_2021,
  AUTHOR = {Liu, Qi and Zhang, Xinyu and Liu, Yongxiang and Huo, Kai and Jiang, Weidong and Li, Xiang},
  TITLE = {Few-{Shot} {HRRP} {Target} {Recognition} {Based} on {Gramian} {Angular} {Field} and {Model}-{Agnostic} {Meta}-{Learning}},
  BOOKTITLE = {2021 {IEEE} 6th {International} {Conference} on {Signal} and {Image} {Processing} (ICSIP)},
  YEAR = {2021},
  PAGES = {6--10}
}

@ARTICLE{tian_open_2022,
  AUTHOR = {Tian, Long and Chen, Bo and Guo, Zekun and Du, Chuan and Peng, Yang and Liu, Hongwei},
  TITLE = {Open set {HRRP} recognition with few samples based on multi-modality prototypical networks},
  JOURNAL = {Signal Processing},
  YEAR = {2022},
  VOLUME = {193},
  PAGES = {108391}
}

@ARTICLE{zhong_contrastive_2023,
  AUTHOR = {Zhong, Yijin and Lin, Wei and Xu, Ying and Huang, Lexing and Huang, Yue and Ding, Xinghao},
  TITLE = {Contrastive {Learning} for {Radar} {HRRP} {Recognition} {With} {Missing} {Aspects}},
  JOURNAL = {IEEE Geoscience and Remote Sensing Letters},
  YEAR = {2023},
  VOLUME = {20},
  PAGES = {1--5}
}

@ARTICLE{cui_template_2022,
  AUTHOR = {Cui, Hao and Su, Min and Liu, Jia and Liu, Lili},
  TITLE = {Template {Construction} of {Radar} {Target} {Recognition} based on {Maximum} {Information} {Profile}},
  JOURNAL = {Journal of Physics: Conference Series},
  YEAR = {2022},
  VOLUME = {2284},
  PAGES = {012021}
}

@ARTICLE{liu_radar_2008,
  AUTHOR = {Liu, J. and Zhang, J.-Y and Zhao, F.},
  TITLE = {Radar {HRRP} target recognition in amplitude spectrum subspace based on direct {LDA}},
  JOURNAL = {{Unknown Journal}},
  YEAR = {2008},
  VOLUME = {30},
  PAGES = {1815--1818}
}

@INPROCEEDINGS{du_radar_2011,
  AUTHOR = {Du, Lan and Wang, Penghui and Liu, Hongwei and Pan, Mian and Bao, Zheng},
  TITLE = {Radar {HRRP} target recognition based on dynamic multi-task hidden {Markov} model},
  BOOKTITLE = {2011 {IEEE} {RadarCon} (RADAR)},
  YEAR = {2011},
  PAGES = {253--255}
}

@ARTICLE{pan_noise-robust_2013,
  AUTHOR = {Pan, Mian and Du, Lan and Wang, Penghui and Liu, Hongwei and Bao, Zheng},
  TITLE = {Noise-{Robust} {Modification} {Method} for {Gaussian}-{Based} {Models} {With} {Application} to {Radar} {HRRP} {Recognition}},
  JOURNAL = {IEEE Geoscience and Remote Sensing Letters},
  YEAR = {2013},
  VOLUME = {10},
  PAGES = {558--562},
  NUMBER = {3}
}

@ARTICLE{dong_high-speed_2025,
  AUTHOR = {Dong, Hang and Dai, Fengzhou and Zhang, Juan},
  TITLE = {High-{Speed} {Target} {HRRP} {Reconstruction} {Based} on {Fast} {Mean}-{Field} {Sparse} {Bayesian} {Unrolled} {Network}},
  JOURNAL = {Remote Sensing},
  YEAR = {2025},
  VOLUME = {17},
  PAGES = {8},
  NUMBER = {1},
  LANGUAGE = {}
}

@ARTICLE{yang_radar_2024,
  AUTHOR = {Yang, Wei and Chen, Tianqi and Lei, Shiwen and Zhao, Zhiqin and Hu, Haoquan and Hu, Jun},
  TITLE = {Radar {HRRP} {Feature} {Fusion} {Recognition} {Method} {Based} on {ConvLSTM} {Network} with {Multi}-{Input} {Gate} {Recurrent} {Unit}},
  JOURNAL = {Remote Sensing},
  YEAR = {2024},
  VOLUME = {16},
  PAGES = {4533},
  NUMBER = {23},
  LANGUAGE = {}
}

@ARTICLE{gao_interpretable_2024,
  AUTHOR = {Gao, Fan and Lang, Ping and Yeh, Chunmao and Li, Zhangfeng and Ren, Dawei and Yang, Jian},
  TITLE = {An {Interpretable} {Target}-{Aware} {Vision} {Transformer} for {Polarimetric} {HRRP} {Target} {Recognition} with a {Novel} {Attention} {Loss}},
  JOURNAL = {Remote Sensing},
  YEAR = {2024},
  VOLUME = {16},
  PAGES = {3135},
  NUMBER = {17},
  LANGUAGE = {}
}

@ARTICLE{song_limited_2024,
  AUTHOR = {Song, Yiheng and Zhang, Liang and Wang, Yanhua},
  TITLE = {Limited {Sample} {Radar} {HRRP} {Recognition} {Using} {FWA}-{GAN}},
  JOURNAL = {Remote Sensing},
  YEAR = {2024},
  VOLUME = {16},
  PAGES = {2963},
  NUMBER = {16},
  LANGUAGE = {}
}

@ARTICLE{xia_radar_2023-1,
  AUTHOR = {Xia, Ziheng and Wang, Penghui and Liu, Hongwei},
  TITLE = {Radar {HRRP} {Open} {Set} {Target} {Recognition} {Based} on {Closed} {Classification} {Boundary}},
  JOURNAL = {Remote Sensing},
  YEAR = {2023},
  VOLUME = {15},
  PAGES = {468},
  NUMBER = {2},
  LANGUAGE = {}
}

@ARTICLE{ye_range-spread_2024,
  AUTHOR = {Ye, Yishan and Deng, Zhenmiao and Pan, Pingping and He, Wei},
  TITLE = {Range-{Spread} {Target} {Detection} {Networks} {Using} {HRRPs}},
  JOURNAL = {Remote Sensing},
  YEAR = {2024},
  VOLUME = {16},
  PAGES = {1667},
  NUMBER = {10},
  LANGUAGE = {}
}

@ARTICLE{dong_radar_2024,
  AUTHOR = {Dong, Yue and Wang, Penghui and Fang, Ming and Guo, Yifan and Cao, Lili and Yan, Junkun and Liu, Hongwei},
  TITLE = {Radar {High}-{Resolution} {Range} {Profile} {Rejection} {Based} on {Deep} {Multi}-{Modal} {Support} {Vector} {Data} {Description}},
  JOURNAL = {Remote Sensing},
  YEAR = {2024},
  VOLUME = {16},
  PAGES = {649},
  NUMBER = {4},
  LANGUAGE = {}
}

@ARTICLE{liu_end--end_2022,
  AUTHOR = {Liu, Xiaodan and Wang, Li and Bai, Xueru},
  TITLE = {End-to-{End} {Radar} {HRRP} {Target} {Recognition} {Based} on {Integrated} {Denoising} and {Recognition} {Network}},
  JOURNAL = {Remote Sensing},
  YEAR = {2022},
  VOLUME = {14},
  PAGES = {5254},
  NUMBER = {20},
  LANGUAGE = {}
}

@ARTICLE{liu_scnet_2024,
  AUTHOR = {Liu, Qi and Zhang, Xinyu and Liu, Yongxiang},
  TITLE = {{SCNet}: {Scattering} center neural network for radar target recognition with incomplete target-aspects},
  JOURNAL = {Signal Processing},
  YEAR = {2024},
  VOLUME = {219},
  NUMBER = {C}
}

@ARTICLE{liu_multi-polarization_2021,
  AUTHOR = {Liu, Qi and Zhang, Xinyu and Liu, Yongxiang and Huo, Kai and Jiang, Weidong and Li, Xiang},
  TITLE = {Multi-{Polarization} {Fusion} {Few}-{Shot} {HRRP} {Target} {Recognition} {Based} on {Meta}-{Learning} {Framework}},
  JOURNAL = {IEEE Sensors Journal},
  YEAR = {2021},
  VOLUME = {21},
  PAGES = {18085--18100},
  NUMBER = {16}
}

@ARTICLE{huang_parameterized_2021,
  AUTHOR = {Huang, Zhenfeng and Wei, Dahuan and Huang, Zhiwei and Mao, Hanling and Li, Xinxin and Huang, Rui and Xu, Pengwei},
  TITLE = {Parameterized {Local} {Maximum} {Synchrosqueezing} {Transform} and its {Application} in {Engineering} {Vibration} {Signal} {Processing}},
  JOURNAL = {IEEE Access},
  YEAR = {2021},
  VOLUME = {9},
  PAGES = {7732--7742}
}

@ARTICLE{yu_local_2019,
  AUTHOR = {Yu, Gang and Wang, Zhonghua and Zhao, Ping and Li, Zhen},
  TITLE = {Local maximum synchrosqueezing transform: {An} energy-concentrated time-frequency analysis tool},
  JOURNAL = {Mechanical Systems and Signal Processing},
  YEAR = {2019},
  VOLUME = {117},
  PAGES = {537--552}
}

@INPROCEEDINGS{chithra_comprehensive_2023,
  AUTHOR = {Chithra, K R and Sinith, M S},
  TITLE = {A {Comprehensive} {Study} of {Time}-{Frequency} {Analysis} of {Musical} {Signals}},
  BOOKTITLE = {2023 {International} {Conference} on {Signal} {Processing}, {Computation}, {Electronics}, {Power} and {Telecommunication} (IConSCEPT)},
  YEAR = {2023},
  PAGES = {1--5}
}

@INPROCEEDINGS{nabout_object_2004,
  AUTHOR = {Nabout, A. and Tibken, B.},
  TITLE = {Object recognition using contour polygons and wavelet descriptors},
  BOOKTITLE = {Proceedings. 2004 {International} {Conference} on {Information} and {Communication} {Technologies}: {From} {Theory} to {Applications}, 2004. (ICTTA)},
  YEAR = {2004},
  PAGES = {473--474}
}

@INCOLLECTION{antony_demystifying_2024,
  AUTHOR = {Antony, Linu Tess and Kumar, S. N.},
  TITLE = {Demystifying the {Applications} of {Wavelet} {Transform} in {Bio} {Signal} and {Medical} {Data} {Processing}},
  BOOKTITLE = {Smart {Trends} in {Computing} and {Communications}},
  PUBLISHER = {Springer Nature},
  YEAR = {2024},
  PAGES = {183--196},
  ADDRESS = {Singapore},
  ISBN = {978-981-97-1320-2},
  LANGUAGE = {}
}

@INPROCEEDINGS{rajput_wavelet_2024,
  AUTHOR = {Rajput, Gaurav Kumar and R, Murugan and Kumar Tyagi, Rajneesh},
  TITLE = {Wavelet {Transformation} {Algorithm} for {Low} {Energy} {Data} {Aggregation}},
  BOOKTITLE = {2024 {International} {Conference} on {Optimization} {Computing} and {Wireless} {Communication} (ICOCWC)},
  YEAR = {2024},
  PAGES = {1--7}
}

@INCOLLECTION{tang_mobile_2020,
  AUTHOR = {Tang, Yixin},
  TITLE = {Mobile {Communication} {De}-noising {Method} {Based} on {Wavelet} {Transform}},
  BOOKTITLE = {Big {Data} {Analytics} for {Cyber}-{Physical} {System} in {Smart} {City}},
  PUBLISHER = {Springer},
  YEAR = {2020},
  PAGES = {351--358},
  ADDRESS = {Singapore},
  ISBN = {978-981-15-2568-1},
  LANGUAGE = {}
}

@ARTICLE{chen_target-attentional_2022,
  AUTHOR = {Chen, Jian and Du, Lan and Guo, Guanbo and Yin, Linwei and Wei, Di},
  TITLE = {Target-attentional {CNN} for {Radar} {Automatic} {Target} {Recognition} with {HRRP}},
  JOURNAL = {Signal Processing},
  YEAR = {2022},
  VOLUME = {196},
  PAGES = {108497}
}

@ARTICLE{guo_influence_2013,
  AUTHOR = {Guo, Kun-Yi and Sheng, Xin-Qing and Shen, Rong-Hui and Jing, Cong-Jun},
  TITLE = {Influence of migratory scattering phenomenon on micro-motion characteristics contained in radar signals},
  JOURNAL = {IET Radar, Sonar and Navigation},
  YEAR = {2013},
  VOLUME = {7},
  PAGES = {579--589},
  NUMBER = {5},
  LANGUAGE = {}
}

@INPROCEEDINGS{achille_task2vec_2019,
  AUTHOR = {Achille, Alessandro and Lam, Michael and Tewari, Rahul and Ravichandran, Avinash and Maji, Subhransu and Fowlkes, Charless and Soatto, Stefano and Perona, Pietro},
  TITLE = {{Task2Vec}: task embedding for meta-learning},
  BOOKTITLE = {2019 {IEEE}/{CVF} {International} {Conference} on {Computer} {Vision} (ICCV)},
  YEAR = {2019},
  PAGES = {6429--6438},
  LANGUAGE = {}
}

@INPROCEEDINGS{li_episodic_2019,
  AUTHOR = {Li, Da and Zhang, Jianshu and Yang, Yongxin and Liu, Cong and Song, Yi-Zhe and Hospedales, Timothy},
  TITLE = {Episodic training for domain generalization},
  BOOKTITLE = {2019 {IEEE}/{CVF} {International} {Conference} on {Computer} {Vision} (ICCV)},
  YEAR = {2019},
  PAGES = {1446--1455},
  LANGUAGE = {}
}

@INPROCEEDINGS{wang_tafe-net_2019,
  AUTHOR = {Wang, Xin and Yu, Fisher and Wang, Ruth and Darrell, Trevor and Gonzalez, Joseph E.},
  TITLE = {{TAFE}-net: task-aware feature embeddings for low shot learning},
  BOOKTITLE = {2019 {IEEE}/{CVF} {Conference} on {Computer} {Vision} and {Pattern} {Recognition} (CVPR)},
  YEAR = {2019},
  PAGES = {1831--1840},
  LANGUAGE = {}
}

@ARTICLE{baxter_model_2000,
  AUTHOR = {Baxter, Jonathan},
  TITLE = {A model of inductive bias learning},
  JOURNAL = {Journal of Artificial Intelligence Research},
  YEAR = {2000},
  VOLUME = {12},
  PAGES = {149--198},
  NUMBER = {1},
  LANGUAGE = {}
}

@ARTICLE{bousquet_stability_2002,
  AUTHOR = {Bousquet, Olivier and Elisseeff, André},
  TITLE = {Stability and generalization},
  JOURNAL = {Journal of Machine Learning Research},
  YEAR = {2002},
  VOLUME = {2},
  PAGES = {499--526},
  LANGUAGE = {}
}

@INCOLLECTION{rajeswaran_meta-learning_2019,
  AUTHOR = {Rajeswaran, Aravind and Finn, Chelsea and Kakade, Sham M. and Levine, Sergey},
  TITLE = {Meta-learning with implicit gradients},
  BOOKTITLE = {Proceedings of the 33rd {International} {Conference} on {Neural} {Information} {Processing} {Systems} (NeurIPS)},
  PUBLISHER = {Curran Associates Inc.},
  YEAR = {2019},
  NUMBER = {11},
  PAGES = {113--124},
  ADDRESS = {Red Hook, NY, USA},
  LANGUAGE = {}
}

@ARTICLE{maurer_benefit_2016,
  AUTHOR = {Maurer, Andreas and Pontil, Massimiliano and Romera-Paredes, Bernardino},
  TITLE = {The benefit of multitask representation learning},
  JOURNAL = {Journal of Machine Learning Research},
  YEAR = {2016},
  VOLUME = {17},
  PAGES = {2853--2884},
  NUMBER = {1},
  LANGUAGE = {}
}

@INPROCEEDINGS{du_few-shot_2020,
  AUTHOR = {Du, Simon Shaolei and Hu, Wei and Kakade, Sham M. and Lee, Jason D. and Lei, Qi},
  TITLE = {Few-shot learning via learning the representation, provably},
  BOOKTITLE = {{8th International Conference on Learning Representations (ICLR)}},
  YEAR = {2020},
  LANGUAGE = {}
}

@INPROCEEDINGS{tripuraneni_provable_2021,
  AUTHOR = {Tripuraneni, Nilesh and Jin, Chi and Jordan, Michael},
  TITLE = {Provable meta-learning of linear representations},
  BOOKTITLE = {Proceedings of the 38th {International} {Conference} on {Machine} {Learning} (ICML)},
  YEAR = {2021},
  PAGES = {10434--10443},
  PUBLISHER = {PMLR},
  LANGUAGE = {}
}

@INPROCEEDINGS{zhou_task_2021,
  AUTHOR = {Zhou, Pan and Zou, Yingtian and Yuan, Xiao-Tong and Feng, Jiashi and Xiong, Caiming and Hoi, Steven},
  TITLE = {Task similarity aware meta learning: theory-inspired improvement on {MAML}},
  BOOKTITLE = {Proceedings of the {Thirty}-seventh {Conference} on {Uncertainty} in {Artificial} {Intelligence} (UAI)},
  YEAR = {2021},
  PAGES = {23--33},
  PUBLISHER = {PMLR},
  LANGUAGE = {}
}

@BOOK{rihaczek_theory_2000,
  AUTHOR = {Rihaczek, August W. and Hershkowitz, Stephen J.},
  TITLE = {Theory and practice of radar target identification},
  PUBLISHER = {Artech House},
  YEAR = {2000},
  ADDRESS = {Boston},
  ISBN = {978-1-58053-143-6}
}

@ARTICLE{roulston_radar_1997,
  AUTHOR = {Roulston, J. F.},
  TITLE = {Radar resolution and complex-image analysis {A}.{W}. rihaczek and {S}.{J}. hershkowitz artech house, portland house, stag place, london {SW1E} {5XA}. 1996. 524pp. {Illustrated}},
  JOURNAL = {Aeronautical Journal},
  YEAR = {1997},
  VOLUME = {101},
  PAGES = {326--326},
  NUMBER = {1007},
  LANGUAGE = {}
}

@INPROCEEDINGS{shi_harmony_2010,
  author={Shi, Lei and Wang, Penghui and Liu, Hongwei and Xu, Lei and Bao, Zheng},
  booktitle={2010 IEEE International Conference on Acoustics, Speech and Signal Processing (ICASSP)}, 
  title={Radar HRRP statistical recognition with Local Factor Analysis by automatic Bayesian Ying Yang harmony learning}, 
  year={2010},
  volume={},
  number={},
  pages={1878-1881}
}

@article{liu_dictionary_2016,
author = {Liu, Hong-wei and Feng, Bo and Chen, Bo and Du, Lan},
title = {Radar high-resolution range profiles target recognition based on stable dictionary learning},
journal = {IET Radar, Sonar \& Navigation},
volume = {10},
number = {2},
pages = {228-237},
year = {2016}
}


@INPROCEEDINGS{jiang_manifold_2016,
  author={Jiang, Yue and Han, Yubing and Sheng, Weixing},
  booktitle={2016 IEEE International Workshop on Electromagnetics: Applications and Student Innovation Competition (iWEM)}, 
  title={Target recognition of radar HRRP using manifold learning with feature weighting}, 
  year={2016},
  volume={},
  number={},
  pages={1-3}
}

@ARTICLE{rihaczek_man-made_1996,
  AUTHOR = {Rihaczek, A.W. and Hershkowitz, S.J.},
  TITLE = {Man-made target backscattering behavior: applicability of conventional radar resolution theory},
  JOURNAL = {IEEE Transactions on Aerospace and Electronic Systems},
  YEAR = {1996},
  VOLUME = {32},
  PAGES = {809--824},
  NUMBER = {2}
}

@INPROCEEDINGS{skryagin_graph_2024,
  AUTHOR = {Skryagin, Arseny and Divo, Felix and Ali, Mohammad A. and Dhami, Devendra S. and Kersting, Kristian},
  TITLE = {Graph neural networks need cluster-normalize-activate modules},
  BOOKTITLE = {Proceedings of the 38rd International Conference on Neural Information Processing Systems (NeurIPS)},
  YEAR = {2024},
  VOLUME = {37},
  PAGES = {79819--79842},
  LANGUAGE = {}
}

@INPROCEEDINGS{yu_enabling_2024,
  AUTHOR = {Yu, Le and Li, Xinde and Zhang, Pengfei and Zhang, Zhentong and Dunkin, Fir},
  TITLE = {Enabling few-shot learning with {PID} control: a layer adaptive optimizer},
  BOOKTITLE = {Proceedings of the 41st {International} {Conference} on {Machine} {Learning} (ICML)},
  YEAR = {2024},
  PAGES = {57544--57558},
  PUBLISHER = {PMLR},
  LANGUAGE = {}
}

@INPROCEEDINGS{li_meta-learning_2023,
  AUTHOR = {Li, Shibo and Wang, Zheng and Narayan, Akil and Kirby, Robert and Zhe, Shandian},
  TITLE = {Meta-learning with adjoint methods},
  BOOKTITLE = {Proceedings of the 26th {International} {Conference} on {Artificial} {Intelligence} and {Statistics} (AISTATS)},
  YEAR = {2023},
  PAGES = {7239--7251},
  PUBLISHER = {PMLR},
  LANGUAGE = {}
}

@INPROCEEDINGS{cai_graphnorm_2021,
  AUTHOR = {Cai, Tianle and Luo, Shengjie and Xu, Keyulu and He, Di and Liu, Tie-Yan and Wang, Liwei},
  TITLE = {{GraphNorm}: a principled approach to accelerating graph neural network training},
  BOOKTITLE = {Proceedings of the 38th {International} {Conference} on {Machine} {Learning} (ICML)},
  YEAR = {2021},
  PAGES = {1204--1215},
  PUBLISHER = {PMLR},
  LANGUAGE = {}
}

@ARTICLE{liu_attribute-informed_2025,
  AUTHOR = {Liu, Qi and Zhang, Xinyu and Liu, Yongxiang},
  TITLE = {Attribute-informed and similarity-enhanced zero-shot radar target recognition},
  JOURNAL = {IEEE Transactions on Aerospace and Electronic Systems},
  YEAR = {2025},
  PAGES = {1--19},
  LANGUAGE = {}
}

@ARTICLE{shui_range-spread_2009,
  AUTHOR = {Shui, Peng-Lang and Liu, Hong-Wei and Bao, Zheng},
  TITLE = {Range-spread target detection based on cross time-frequency distribution features of two adjacent received signals},
  JOURNAL = {IEEE Transactions on Signal Processing},
  YEAR = {2009},
  VOLUME = {57},
  PAGES = {3733--3745},
  NUMBER = {10},
  LANGUAGE = {}
}

@ARTICLE{lagergren_deep_2020,
  AUTHOR = {Lagergren, John and Flores, Kevin and Gilman, Mikhail and Tsynkov, Semyon},
  TITLE = {Deep learning approach to the detection of scattering delay in radar images},
  JOURNAL = {Journal of Statistical Theory and Practice},
  YEAR = {2020},
  VOLUME = {15},
  PAGES = {14},
  NUMBER = {1},
  LANGUAGE = {}
}

@ARTICLE{chen_evo-maml_2023,
  AUTHOR = {Chen, Jiaxing and Yuan, Weilin and Chen, Shaofei and Hu, Zhenzhen and Li, Peng},
  TITLE = {Evo-{MAML}: meta-learning with evolving gradient},
  JOURNAL = {Electronics},
  YEAR = {2023},
  VOLUME = {12},
  PAGES = {3865},
  NUMBER = {18},
  LANGUAGE = {}
}

@INPROCEEDINGS{liu_few-shot_2021-1,
  AUTHOR = {Liu, Qi and Zhang, Xinyu and Liu, Yongxiang and Huo, Kai and Jiang, Weidong and Li, Xiang},
  TITLE = {Few-shot {HRRP} target recognition based on gramian angular field and model-agnostic meta-learning},
  BOOKTITLE = {2021 {IEEE} 6th {International} {Conference} on {Signal} and {Image} {Processing} (ICSIP)},
  YEAR = {2021},
  PAGES = {6--10},
  LANGUAGE = {}
}

@ARTICLE{li_libfewshot_2023,
  AUTHOR = {Li, Wenbin and Wang, Ziyi and Yang, Xuesong and Dong, Chuanqi and Tian, Pinzhuo and Qin, Tiexin and Huo, Jing and Shi, Yinghuan and Wang, Lei and Gao, Yang and Luo, Jiebo},
  TITLE = {{LibFewShot}: {A} {Comprehensive} {Library} for {Few}-{Shot} {Learning}},
  JOURNAL = {IEEE Transactions on Pattern Analysis and Machine Intelligence},
  YEAR = {2023},
  VOLUME = {45},
  PAGES = {14938--14955},
  NUMBER = {12}
}

@ARTICLE{li_meta-sgd_2017,
  AUTHOR = {Li, Zhenguo and Zhou, Fengwei and Chen, Fei and Li, Hang},
  TITLE = {Meta-{SGD}: learning to learn quickly for few shot learning},
  JOURNAL = {{arXiv preprint arXiv:1707.09835}},
  YEAR = {2017},
  VOLUME = {abs/1707.9835},
  LANGUAGE = {}
}

@ARTICLE{tai_few-shot_2022,
  AUTHOR = {Tai, Yuan and Tan, Yihua and Xiong, Shengzhou and Sun, Zhaojin and Tian, Jinwen},
  TITLE = {Few-shot transfer learning for {SAR} image classification without extra {SAR} samples},
  JOURNAL = {IEEE Journal of Selected Topics in Applied Earth Observations and Remote Sensing},
  YEAR = {2022},
  VOLUME = {15},
  PAGES = {2240--2253},
  LANGUAGE = {}
}

@INPROCEEDINGS{luo_few-shot_2024,
  AUTHOR = {Luo, Hao and Li, Ye and Yang, Zhixiong and Huang, Jiayuan and Han, Tao and Xia, Jingyuan},
  TITLE = {Few-shot {SAR} target classification via instance-level awareness contrastive learning},
  BOOKTITLE = {2024 {IEEE} 2nd {International} {Conference} on {Electrical}, {Automation} and {Computer} {Engineering} (ICEACE)},
  YEAR = {2024},
  PAGES = {159--164},
  LANGUAGE = {}
}

@INPROCEEDINGS{gurbuz_data-driven_2018,
  AUTHOR = {Gurbuz, Sevgi and Erol, Baris and Amin, Moeness and Seyfioğlu, Mehmet},
  TITLE = {Data-driven cepstral and neural learning of features for robust micro-doppler classification},
  BOOKTITLE = {{Proceedings of SPIE}},
  YEAR = {2018},
  PAGES = {18},
  LANGUAGE = {}
}

@INPROCEEDINGS{raghu_rapid_2020,
  AUTHOR = {Raghu, Aniruddh and Raghu, Maithra and Bengio, Samy and Vinyals, Oriol},
  TITLE = {Rapid learning or feature reuse? {Towards} understanding the effectiveness of {MAML}},
  BOOKTITLE = {{8th International Conference on Learning Representations (ICLR)}},
  YEAR = {2020},
  LANGUAGE = {}
}

@ARTICLE{nichol_reptile_2018,
  AUTHOR = {Nichol, Alex and Schulman, John},
  TITLE = {Reptile: a {Scalable} {Metalearning} {Algorithm}},
  JOURNAL = {{arXiv: Learning}},
  YEAR = {2018}
}

@inbook{revaud_r2d2_2019,
author = {Revaud, Jerome and Weinzaepfel, Philippe and Souza, C\'{e}sar De and Humenberger, Martin},
title = {R2D2: repeatable and reliable detector and descriptor},
year = {2019},
publisher = {Curran Associates Inc.},
address = {Red Hook, NY, USA},
booktitle = {Proceedings of the 33rd International Conference on Neural Information Processing Systems (NeurIPS)},
articleno = {1113},
numpages = {11}
}

 @InProceedings{li_dn4_2019,
    author = {Li, Wenbin and Wang, Lei and Xu, Jinglin and Huo, Jing and Gao, Yang and Luo, Jiebo},
    title = {Revisiting Local Descriptor Based Image-To-Class Measure for Few-Shot Learning},
    booktitle = {Proceedings of the IEEE/CVF Conference on Computer Vision and Pattern Recognition (CVPR)},
    year = {2019}
}

@inproceedings{van_vae_2017,
author = {van den Oord, Aaron and Vinyals, Oriol and Kavukcuoglu, Koray},
title = {Neural discrete representation learning},
year = {2017},
booktitle = {Proceedings of the 31st International Conference on Neural Information Processing Systems (NeurIPS)},
pages = {6309–6318},
numpages = {10},
}

@article{barbary_track-before-detect_2021,
	title = {Track-before-detect for complex extended targets based sequential monte carlo {Mb}-sub-random matrices filter},
	volume = {32},
	number = {3},
	journal = {Multidimensional Systems and Signal Processing},
	author = {Barbary, Mohamed and El-Azeem, Mohamed H. Abd},
	year = {2021},
	pages = {863--896},
}

@inproceedings{ravil_metalstm_2017,
  author       = {Sachin Ravi and
                  Hugo Larochelle},
  title        = {Optimization as a Model for Few-Shot Learning},
  booktitle    = {5th International Conference on Learning Representations ({ICLR} 2017),
                  Toulon, France, April 24-26, 2017, Conference Track Proceedings},
  year         = {2017}
}

@ARTICLE{li_saratrx_2025,
  AUTHOR = {Li, Weijie and Yang, Wei and Hou, Yuenan and Liu, Li and Liu, Yongxiang and Li, Xiang},
  TITLE = {{SARATR}-{X}: {Toward} {Building} a {Foundation} {Model} for {SAR} {Target} {Recognition}},
  JOURNAL = {IEEE Transactions on Image Processing},
  YEAR = {2025},
  volume = {34},
  pages = {869--884},
}

@article{williams_automatic_2000,
    author = {Williams, R. and Westerkamp, J. and Gross, D. and Palomion, A. and Fister, T.},
    year = {2000},
    volume = {15},
    number = {4},
    pages = {37--43},
    journal = {IEEE  Aerospace and Electronic Systems Magazine},
    title = {Automatic target recognition of time critical moving targets using 1D high range resolution (HRR) radar}
}

@article{li_using_1993,
    author = {Li, H. J. and Yang, S. H.},
    year = {1993},
    volume = {41},
    number = {3},
    pages = {261--268},
    journal = {IEEE Transactions on Antennas and Propagation},
    title = {Using range profiles as feature vectors to identify aerospace objects}
}

@INPROCEEDINGS{mitchell_overview_1994,
  AUTHOR = {Mitchell, R. A. and DeWall, R.},
  TITLE = {Overview of high range resolution radar target  identification},
  BOOKTITLE = {Proceedings of the Automatic Target Recognition Working Group Conference (ATRWG)},
  YEAR = {1994},
  ADDRESS = {Monterey, CA, USA},
  LANGUAGE = {}
}

@InProceedings{luo_closeragain_2023,  
title =  {A Closer Look at Few-shot Classification Again},  
author =  {Luo, Xu and Wu, Hao and Zhang, Ji and Gao, Lianli and Xu, Jing and Song, Jingkuan},  
booktitle =  {Proceedings of the 40th International Conference on Machine Learning (ICML)},  
pages =  {23103--23123},  
year =  {2023}, 
volume =  {202}
}

@article{zyweck_radar_1996,
    author = {Zyweck, A. and Bogner, R. E.},
    year = {1996},
    volume = {32},
    number = {2},
    pages = {598--606},
    journal = {IEEE Transactions on Aerospace and Electronic systems},
    title = {Radar target classification of commercial aircraft}
}

@article{delaney_radar_2000,
    author = {Delaney, William and Ward, William},
    year = {2000},
    volume = {12},
    number = {2},
    pages = {147--166},
    journal = {Lincoln Laboratory Journal},
    title = {Radar Development at Lincoln Laboratory: An Overview of the First Fifty Years}
}

@article{leminos_overview_2002,
    author = {Lemnios, W. Z. and Grometstein, A. A.},
    year = {2002},
    volume = {13},
    number = {1},
    pages = {9--32},
    journal = {Lincoln Laboratory Journal},
    title = {Overview of the Lincoln laboratory ballistic missile defense program}
}


@inproceedings{zhang_simple_2024,
	title = {Simple {Semantic}-{Aided} {Few}-{Shot} {Learning}},
    booktitle={Proceedings of the IEEE/CVF Conference on Computer Vision and Pattern Recognition (CVPR)}, 
	author = {Zhang, Hai and Xu, Junzhe and Jiang, Shanlin and He, Zhenan},
	year = {2024},
	pages = {28588--28597},
}

@ARTICLE{chen_improving_2022,
  AUTHOR = {Chen, Jie and Guo, Ya and Zhu, Jingru and Sun, Geng and Qin, Dengda and Deng, Min and Liu, Huimin},
  TITLE = {Improving {Few}-{Shot} {Remote} {Sensing} {Scene} {Classification} {With} {Class} {Name} {Semantics}},
  JOURNAL = {IEEE Transactions on Geoscience and Remote Sensing},
  YEAR = {2022},
  volume = {60},
  pages = {1--12},
}

@ARTICLE{liu_remoteclip_2024,
  AUTHOR = {Liu, Fan and Chen, Delong and Guan, Zhangqingyun and Zhou, Xiaocong and Zhu, Jiale and Ye, Qiaolin and Fu, Liyong and Zhou, Jun},
  TITLE = {{RemoteCLIP}: {A} {Vision} {Language} {Foundation} {Model} for {Remote} {Sensing}},
  JOURNAL = {IEEE Transactions on Geoscience and Remote Sensing},
  YEAR = {2024},
  volume = {62},
  pages = {1--16},
}

@ARTICLE{wang_hybrid_2019,
  AUTHOR = {Wang, Duo and Cheng, Yu and Yu, Mo and Guo, Xiaoxiao and Zhang, Tao},
  TITLE = {A hybrid approach with optimization-based and metric-based meta-learner for few-shot learning},
  JOURNAL = {Neurocomputing},
  YEAR = {2019},
  VOLUME = {349},
  PAGES = {202--211},
  LANGUAGE = {}
}

@INPROCEEDINGS{snell_prototypical_2017,
  AUTHOR = {Snell, Jake and Swersky, Kevin and Zemel, Richard},
  TITLE = {Prototypical networks for few-shot learning},
  BOOKTITLE = {Proceedings of the 31st {International} {Conference} on {Neural} {Information} {Processing} {Systems} (NeurIPS)},
  YEAR = {2017},
  PAGES = {4080--4090},
  PUBLISHER = {Curran Associates Inc.},
  ADDRESS = {Red Hook, NY, USA},
  ISBN = {978-1-5108-6096-4},
  LANGUAGE = {}
}

@INPROCEEDINGS{vinyals_matching_2016,
  AUTHOR = {Vinyals, Oriol and Blundell, Charles and Lillicrap, Timothy and Kavukcuoglu, Koray and Wierstra, Daan},
  TITLE = {Matching networks for one shot learning},
  BOOKTITLE = {Proceedings of the 30th {International} {Conference} on {Neural} {Information} {Processing} {Systems} (NeurIPS)},
  YEAR = {2016},
  PAGES = {3637--3645},
  PUBLISHER = {Curran Associates Inc.},
  ADDRESS = {Red Hook, NY, USA},
  ISBN = {978-1-5108-3881-9},
  LANGUAGE = {}
}

@ARTICLE{huang_recognition_2021,
  author={Huang, Yue and Wen, Yi and Shi, Liangchao and Ding, Xinghao},
  journal={IEEE Geoscience and Remote Sensing Letters}, 
  title={Recognition-Aware HRRP Generation With Generative Adversarial Network}, 
  year={2022},
  volume={19},
  number={},
  pages={1-5}
}

@ARTICLE{zeng_gan_2024,
  author={Zeng, Zhiqiang and Tan, Xiaoheng and Zhang, Xin and Huang, Yan and Wan, Jun and Chen, Zhanye},
  journal={IEEE Journal of Selected Topics in Applied Earth Observations and Remote Sensing}, 
  title={ATGAN: A SAR Target Image Generation Method for Automatic Target Recognition}, 
  year={2024},
  volume={17},
  number={},
  pages={6290-6307}
}

@inproceedings{aniruddh_anil_2020,
  author       = {Aniruddh Raghu and
                  Maithra Raghu and
                  Samy Bengio and
                  Oriol Vinyals},
  title        = {Rapid Learning or Feature Reuse? Towards Understanding the Effectiveness
                  of {MAML}},
  booktitle    = {8th International Conference on Learning Representations (ICLR)},
  year         = {2020}
}

@inproceedings{garcia_gnn_2018,
  author       = {Victor Garcia, Joan Bruna},
  title        = {Few-shot learning with graph neural networks},
  booktitle    = {6th International Conference on Learning Representations (ICLR)},
  year         = {2018}
}

@article{li_distribution_2019,
	title = {Distribution {Consistency} {Based} {Covariance} {Metric} {Networks} for {Few}-{Shot} {Learning}},
	volume = {33},
	number = {01},
	journal = {Proceedings of the AAAI Conference on Artificial Intelligence},
	author = {Li, Wenbin and Xu, Jinglin and Huo, Jing and Wang, Lei and Gao, Yang and Luo, Jiebo},
	year = {2019},
	pages = {8642--8649},
}

@INPROCEEDINGS{sung_relation_2018,
  author={Sung, Flood and Yang, Yongxin and Zhang, Li and Xiang, Tao and Torr, Philip H.S. and Hospedales, Timothy M.},
  booktitle={Proceedings of the IEEE/CVF Conference on Computer Vision and Pattern Recognition (CVPR)}, 
  title={Learning to Compare: Relation Network for Few-Shot Learning}, 
  year={2018},
  volume={},
  number={},
  pages={1199-1208}
}

@ARTICLE{zhang_gan_2024,
  author={Zhang, Jiawei and Liu, Zhen and Jiang, Weidong and Liu, Yongxiang and Liu, Shuowei and Liu, Li},
  journal={IEEE Transactions on Geoscience and Remote Sensing}, 
  title={From Coarse to Fine: ISAR Object View Interpolation via Flow Estimation and GAN}, 
  year={2024},
  volume={62},
  number={},
  pages={1-20}
}

@article{li_xai_2021,
    author={李玮杰 and 杨威 and 刘永祥 and 黎湘},
    title={雷达图像深度学习模型的可解释性研究与探索},
    journal={中国科学（信息科学）},
    year={2022},
    volume={52},
    number={6},
    pages={1114-1134},
    language = {zh}
}

@ARTICLE{Jakeman1976806,
	author = {Jakeman, E. and Pusey, P.N.},
	title = {A Model for Non-Rayleigh Sea Echo},
	year = {1976},
	volume = {24},
	number = {6},
    journal = {IEEE Transactions on Antennas and Propagation},
	pages = {806--814},
}

@ARTICLE{Marier1995568,
	author = {Marier, L. James},
	title = {Correlated K-Distributed Clutter Generation for Radar Detection and Track},
	year = {1995},
    journal = {IEEE Transactions on Aerospace and Electronic Systems},
	volume = {31},
	number = {2},
	pages = {568--580},
}

@ARTICLE{Ward1981561,
	author = {Ward, K.D.},
	title = {Compound representation of high resolution sea clutter},
	year = {1981},
    journal = {Electronics Letters},
	volume = {17},
	number = {16},
	pages = {561--563},
}

@ARTICLE{Ozturk1995106,
	author = {Ozturk, Aydin and Rangaswamy, Muralidhar and Weiner, Donald},
	title = {Computer Generation of Correlated Non-Gaussian Radar Clutter},
    journal = {IEEE Transactions on Aerospace and Electronic Systems},
	year = {1995},
	volume = {31},
	number = {1},
	pages = {106--116},
}

@ARTICLE{Bottou2018223,
	author = {Bottou, Léon and Curtis, Frank E. and Nocedal, Jorge},
	title = {Optimization methods for large-scale machine learning},
	year = {2018},
	journal = {SIAM Review},
	volume = {60},
	number = {2},
	pages = {223--311},
}

@ARTICLE{LeCun19982278,
	author = {LeCun, Yann and Bottou, Léon and Bengio, Yoshua and Haffner, Patrick},
	title = {Gradient-based learning applied to document recognition},
	year = {1998},
	journal = {Proceedings of the IEEE},
	volume = {86},
	number = {11},
	pages = {2278--2323},
}

@InProceedings{huang_2017_cvpr,
author = {Huang, Gao and Liu, Zhuang and van der Maaten, Laurens and Weinberger, Kilian Q.},
title = {Densely Connected Convolutional Networks},
booktitle = {Proceedings of the IEEE Conference on Computer Vision and Pattern Recognition (CVPR)},
year = {2017}
}
 
@ARTICLE{Gerry19991179,
	author = {Gerry, Michael J. and Potter, Lee C. and Gupta, Inder J. and Van Merwe, Andria Der},
	title = {A parametric model for synthetic aperture radar measurements},
	year = {1999},
	journal = {IEEE Transactions on Antennas and Propagation},
	volume = {47},
	number = {7},
	pages = {1179--1188}
}

@ARTICLE{Potter19951058,
	author = {Potter, Lee C. and Chiang, Da-Ming and Carriere, Rob and Gerry, Michael J.},
	title = {A GTD-Based Parametric Model for Radar Scattering},
	year = {1995},
	journal = {IEEE Transactions on Antennas and Propagation},
	volume = {43},
	number = {10},
	pages = {1058--1067}
}

@ARTICLE{KELLER1962116,
	author = {KELLER, J.B.},
	title = {Geometrical theory of diffraction.},
	year = {1962},
	journal = {Journal of the Optical Society of America},
	volume = {52},
	pages = {116--130}
}

@ARTICLE{Potter199779,
	author = {Potter, Lee C. and Moses, Randolph L.},
	title = {Attributed scattering centers for SAR ATR},
	year = {1997},
	journal = {IEEE Transactions on Image Processing},
	volume = {6},
	number = {1},
	pages = {79--91}
}

@ARTICLE{Hurst1987986,
	author = {Hurst, Michael P.},
	title = {Scattering Center Analysis Via Prony’s Method},
	year = {1987},
	journal = {IEEE Transactions on Antennas and Propagation},
	volume = {35},
	number = {8},
	pages = {986--988}
}

@INPROCEEDINGS{resnet,
  author={He, Kaiming and Zhang, Xiangyu and Ren, Shaoqing and Sun, Jian},
  booktitle={Proceedings of the IEEE Conference on Computer Vision and Pattern Recognition (CVPR)}, 
  title={Deep Residual Learning for Image Recognition}, 
  year={2016},
  volume={},
  number={},
  pages={770-778}
}


@INPROCEEDINGS{kohama_gtd_2011,
  author={Kohama, Takayuki and Ito, Keita and Ando, Makoto},
  booktitle={2011 IEEE International Conference on Microwave Technology \& Computational Electromagnetics (ICMTCE)}, 
  title={Abbreviated analysis of electromagnetic fields based upon locality of scattering phenomena}, 
  year={2011},
  volume={},
  number={},
  pages={372-375}
}

@ARTICLE{Kouyoumjian19741448,
	author = {Kouyoumjian, Robert G. and Pathak, Prabhakar H.},
	title = {A Uniform Geometrical Theory of Diffraction for an Edge in a Perfectly Conducting Surface},
	year = {1974},
	journal = {Proceedings of the IEEE},
	volume = {62},
	number = {11},
	pages = {1448--1461},
}

@ARTICLE{Ling1989194,
	author = {Ling, Hao},
	title = {Shooting and Bouncing Rays: Calculating the RCS of an Arbitrarily Shaped Cavity},
	year = {1989},
	journal = {IEEE Transactions on Antennas and Propagation},
	volume = {37},
	number = {2},
	pages = {194--205},
}

@ARTICLE{KELLER1962116,
	author = {KELLER, J.B.},
	title = {Geometrical theory of diffraction.},
	year = {1962},
	journal = {Journal of the Optical Society of America},
	volume = {52},
	pages = {116--130},
}

@ARTICLE{Song19971488,
	author = {Song, Jiming},
	title = {Multilevel fast multipole algorithm for electromagnetic scattering by large complex objects},
	year = {1997},
	journal = {IEEE Transactions on Antennas and Propagation},
	volume = {45},
	number = {10},
	pages = {1488--1493},
}

@ARTICLE{Pathak199244,
	author = {Pathak, Prabhakar H.},
	title = {High Frequency Techniques for Antenna Analysis},
	year = {1992},
	journal = {Proceedings of the IEEE},
	volume = {80},
	number = {1},
	pages = {44--65},
}

@ARTICLE{anastassiu_review_2003,
  author={Anastassiu, H.T.},
  journal={IEEE Antennas and Propagation Magazine}, 
  title={A review of electromagnetic scattering analysis for inlets, cavities, and open ducts}, 
  year={2003},
  volume={45},
  number={6},
  pages={27-40}
}

@ARTICLE{xu_rcs_1991,
  author={Xu, Xiaojian and Huang, Peikang},
  journal={Journal of Systems Engineering and Electronics}, 
  title={A new RCS statistical model of radar target}, 
  year={1991},
  volume={2},
  number={1},
  pages={60-66}
}

@Article{zhou_gan_2022,
    title = {基于GAN的雷达HRRP数据增强方法},
    journal = {信号处理},
    volume = {38},
    number = {1},
    pages = {92-99},
    year = {2022},
    author = {周强 and 王彦华 and 宋益恒 and 李阳},
    language = {zh}
}

@Article{gao_metric_2021,
    title = {基于距离度量学习的SAR图像识别方法},
    journal = {北京理工大学学报},
    volume = {41},
    number = {03},
    pages = {334-340},
    year = {2021},
    author = {高飞 and 赵洁琼 and 林翀 and 陈浩然},
    language = {zh}
}

@ARTICLE{wang_meta_2021,
  author={Wang, Ke and Zhang, Gong and Xu, Yanbing and Leung, Henry},
  journal={IEEE Geoscience and Remote Sensing Letters}, 
  title={SAR Target Recognition Based on Probabilistic Meta-Learning}, 
  year={2021},
  volume={18},
  number={4},
  pages={682-686}
}

@ARTICLE{fu_meta_2022,
  author={Fu, Kun and Zhang, Tengfei and Zhang, Yue and Wang, Zhirui and Sun, Xian},
  journal={IEEE Transactions on Geoscience and Remote Sensing}, 
  title={Few-Shot SAR Target Classification via Metalearning}, 
  year={2022},
  volume={60},
  number={},
  pages={1-14}
}

@INPROCEEDINGS{dos_cross_2023,
  author={Dos Santos, Matheus Eduardo and Guimarães, Silvio Jamil F. and Patrocínio, Zenilton K. G.},
  booktitle={2023 IEEE Ninth Multimedia Big Data (BigMM)}, 
  title={Cross-Attention Vision Transformer for Few-Shot Semantic Segmentation}, 
  year={2023},
  volume={},
  number={},
  pages={64-71}
}

@InProceedings{xu_2022_cvpr,
    author    = {Xu, Wenjia and Xian, Yongqin and Wang, Jiuniu and Schiele, Bernt and Akata, Zeynep},
    title     = {VGSE: Visually-Grounded Semantic Embeddings for Zero-Shot Learning},
    booktitle = {Proceedings of the IEEE/CVF Conference on Computer Vision and Pattern Recognition (CVPR)},
    year      = {2022},
    pages     = {9316-9325}
}

@INPROCEEDINGS{zhu_kan_2021,
  author={Zhu, Zeyang and Lin, Xin},
  booktitle={ICASSP 2021 - 2021 IEEE International Conference on Acoustics, Speech and Signal Processing (ICASSP)}, 
  title={KAN: Knowledge-Augmented Networks for Few-Shot Learning}, 
  year={2021},
  volume={},
  number={},
  pages={1735-1739}
}

@INPROCEEDINGS{wang_hrrp_2021,
  author={Wang, Leipu and Sun, Jun and Sun, Jingming and Yu, Junpeng},
  booktitle={2021 IEEE 5th Advanced Information Technology, Electronic and Automation Control Conference (IAEAC)}, 
  title={HRRP Data Augmentation Using Generative Adversarial Networks}, 
  year={2021},
  volume={5},
  number={},
  pages={2137-2140}
}

@INCOLLECTION{wang_attention-based_2022,
  AUTHOR = {Wang, Junfei and Xiong, Hui and Gong, Yanli and Wu, Xianfeng and Wang, Shun and Jia, Qian and Lai, Zhongyuan},
  TITLE = {Attention-based dynamic graph {CNN} for point cloud classification},
  BOOKTITLE = {Artificial {Intelligence} and {Robotics}},
  PUBLISHER = {Springer Nature},
  YEAR = {2022},
  PAGES = {357--365},
  ADDRESS = {Singapore},
  ISBN = {978-981-19-7946-0},
  LANGUAGE = {}
}

@INPROCEEDINGS{xu_traffic_2023,
  AUTHOR = {Xu, Xin and Xu, Yuelei and Zhang, Zhaoxiang and Gong, Kun and Dong, Liheng and Ma, Linhua},
  TITLE = {Traffic control gesture recognition based on masked decoupling adaptive graph convolution network},
  BOOKTITLE = {{Proceedings of the American Society of Civil Engineers}},
  YEAR = {2023},
  PAGES = {87--96},
  PUBLISHER = {American Society of Civil Engineers},
  LANGUAGE = {}
}

@INPROCEEDINGS{zhu_dynamic_2023,
  AUTHOR = {Zhu, Wentai and Ruan, Ke and Huang, Jin and Xiao, Jing and Yu, Weihao},
  TITLE = {Dynamic graph representation based on temporal and contextual contrasting},
  BOOKTITLE = {Proceedings of the 2022 5th {International} {Conference} on {Algorithms}, {Computing} and {Artificial} {Intelligence} (ACAI)},
  YEAR = {2023},
  SERIES = {{ACAI} '22},
  PAGES = {1--8},
  PUBLISHER = {Association for Computing Machinery},
  ADDRESS = {New York, NY, USA},
  ISBN = {978-1-4503-9833-6},
  LANGUAGE = {}
}

@INPROCEEDINGS{li_heterogeneous_2020,
  AUTHOR = {Li, Qiuyan and Shang, Yanlei and Qiao, Xiuquan and Dai, Wei},
  TITLE = {Heterogeneous dynamic graph attention network},
  BOOKTITLE = {2020 {IEEE} {International} {Conference} on {Knowledge} {Graph} (ICKG)},
  YEAR = {2020},
  PAGES = {404--411},
  LANGUAGE = {}
}

@INCOLLECTION{hoang_dynamic-gtn_2022,
  AUTHOR = {Hoang, Thi-Linh and Ta, Viet-Cuong},
  TITLE = {Dynamic-{GTN}: learning an node efficient embedding in dynamic graph with transformer},
  BOOKTITLE = {{PRICAI} 2022: {Trends} in {Artificial} {Intelligence} (PRICAI)},
  PUBLISHER = {Springer Nature Switzerland},
  YEAR = {2022},
  PAGES = {430--443},
  ADDRESS = {Cham},
  ISBN = {978-3-031-20865-2},
  LANGUAGE = {}
}

@INPROCEEDINGS{wu_feasibility_2024,
  AUTHOR = {Wu, Yuxia and Fang, Yuan and Liao, Lizi},
  TITLE = {On the feasibility of simple transformer for dynamic graph modeling},
  BOOKTITLE = {Proceedings of the {ACM} {Web} {Conference} 2024 (WWW)},
  YEAR = {2024},
  SERIES = {{WWW} '24},
  PAGES = {870--880},
  PUBLISHER = {Association for Computing Machinery},
  ADDRESS = {New York, NY, USA},
  ISBN = {979-8-4007-0171-9},
  LANGUAGE = {}
}

@INPROCEEDINGS{bao_partial_2021,
  AUTHOR = {Bao, Tianshu and Jia, Xiaowei and Zwart, Jacob and Sadler, Jeffrey and Appling, Alison and Oliver, Samantha and Johnson, Taylor T.},
  TITLE = {Partial differential equation driven dynamic graph networks for predicting stream water temperature},
  BOOKTITLE = {2021 {IEEE} {International} {Conference} on {Data} {Mining} (ICDM)},
  YEAR = {2021},
  PAGES = {11--20},
  LANGUAGE = {}
}

@ARTICLE{li_robust_2019,
  AUTHOR = {Li, Yikun and Liu, Li and Shi, Dan and Cui, Hui and Lu, Xu},
  TITLE = {Robust {Unsupervised} {Multi}-{View} {Feature} {Learning} {With} {Dynamic} {Graph}},
  JOURNAL = {IEEE Access},
  YEAR = {2019},
  VOLUME = {7},
  PAGES = {72197--72209}
}

@ARTICLE{yang_time-aware_2023,
  AUTHOR = {Yang, Yu and Yin, Hongzhi and Cao, Jiannong and Chen, Tong and Nguyen, Quoc Viet Hung and Zhou, Xiaofang and Chen, Lei},
  TITLE = {Time-{Aware} {Dynamic} {Graph} {Embedding} for {Asynchronous} {Structural} {Evolution}},
  JOURNAL = {IEEE Transactions on Knowledge and Data Engineering},
  YEAR = {2023},
  VOLUME = {35},
  PAGES = {9656--9670},
  NUMBER = {9}
}

@ARTICLE{dornaika_efficient_2017,
  AUTHOR = {Dornaika, F. and Dahbi, R. and Bosaghzadeh, A. and Ruichek, Y.},
  TITLE = {Efficient dynamic graph construction for inductive semi-supervised learning},
  JOURNAL = {Neural Networks},
  YEAR = {2017},
  VOLUME = {94},
  PAGES = {192--203},
  LANGUAGE = {}
}

@INPROCEEDINGS{defferrard_convolutional_2016,
  AUTHOR = {Defferrard, Michaël and Bresson, Xavier and Vandergheynst, Pierre},
  TITLE = {Convolutional neural networks on graphs with fast localized spectral filtering},
  BOOKTITLE = {Proceedings of the 30th {International} {Conference} on {Neural} {Information} {Processing} {Systems} (NeurIPS)},
  YEAR = {2016},
  SERIES = {{NIPS}'16},
  PAGES = {3844--3852},
  PUBLISHER = {Curran Associates Inc.},
  ADDRESS = {Red Hook, NY, USA},
  ISBN = {978-1-5108-3881-9},
  LANGUAGE = {}
}

@INPROCEEDINGS{zhang_accelerating_2023,
  AUTHOR = {Zhang, Bingyi and Kannan, Rajgopal and Prasanna, Viktor and Busart, Carl},
  TITLE = {Accelerating {GNN}-based {SAR} automatic target recognition on {HBM}-enabled {FPGA}},
  BOOKTITLE = {2023 {IEEE} {High} {Performance} {Extreme} {Computing} {Conference} (HPEC)},
  YEAR = {2023},
  PAGES = {1--7},
  LANGUAGE = {}
}

@INPROCEEDINGS{velickovic_graph_2018,
  AUTHOR = {Veličković, Petar and Cucurull, Guillem and Casanova, Arantxa and Romero, Adriana and Liò, Pietro and Bengio, Yoshua},
  TITLE = {Graph attention networks},
  BOOKTITLE = {{6th International Conference on Learning Representations (ICLR)}},
  YEAR = {2018},
  LANGUAGE = {}
}

@INPROCEEDINGS{kipf_semi-supervised_2017,
  AUTHOR = {Kipf, Thomas N. and Welling, Max},
  TITLE = {Semi-supervised classification with graph convolutional networks},
  BOOKTITLE = {{5th International Conference on Learning Representations (ICLR)}},
  YEAR = {2017},
  LANGUAGE = {}
}

@INPROCEEDINGS{bruna_spectral_2013,
  AUTHOR = {Bruna, Joan and Zaremba, Wojciech and Szlam, Arthur and LeCun, Yann},
  TITLE = {Spectral networks and locally connected networks on graphs},
  BOOKTITLE = {{1st International Conference on Learning Representations (ICLR)}},
  YEAR = {2013},
  LANGUAGE = {}
}

@ARTICLE{guo_radar_2019,
  AUTHOR = {Guo, Chen and He, You and Wang, Haipeng and Jian, Tao and Sun, Shun},
  TITLE = {Radar {HRRP} target recognition based on deep one-dimensional residual-inception network},
  JOURNAL = {IEEE Access},
  YEAR = {2019},
  VOLUME = {7},
  PAGES = {9191--9204},
  LANGUAGE = {}
}

@INPROCEEDINGS{huang_noise-robust_2024,
  AUTHOR = {Huang, Pengjun and Li, Shuai and Zheng, Muhai and Xie, Jingyang and Tian, Biao and Xu, Shiyou},
  TITLE = {Noise-robust {HRRP} target recognition based on residual scattering network},
  BOOKTITLE = {2024 9th {International} {Conference} on {Signal} and {Image} {Processing} (ICSIP)},
  YEAR = {2024},
  PAGES = {37--41},
  LANGUAGE = {}
}
